<?xml version="1.0" encoding="UTF-8"?>
<record xmlns="http://www.loc.gov/MARC21/slim">
  <leader>01273cam a2200253I  4500</leader>
  <controlfield tag="001">002432627</controlfield>
  <controlfield tag="003">OCoLC</controlfield>
  <controlfield tag="005">20130121142938.0</controlfield>
  <controlfield tag="008">760323s1608    it a          001 0 ita d</controlfield>
  <datafield tag="035" ind1=" " ind2=" ">
    <subfield code="a">02064828</subfield>
  </datafield>
  <datafield tag="035" ind1=" " ind2=" ">
    <subfield code="a">(OCoLC)02064828</subfield>
  </datafield>
  <datafield tag="040" ind1=" " ind2=" ">
    <subfield code="a">AZU</subfield>
    <subfield code="c">AZU</subfield>
    <subfield code="d">NDD</subfield>
  </datafield>
  <datafield tag="049" ind1="1" ind2=" ">
    <subfield code="a">NDDB</subfield>
  </datafield>
  <datafield tag="090" ind1=" " ind2=" ">
    <subfield code="a">BL720</subfield>
    <subfield code="b">.C2 1608</subfield>
  </datafield>
  <datafield tag="099" ind1=" " ind2=" ">
    <subfield code="a">D-6</subfield>
    <subfield code="a">C322IMA</subfield>
  </datafield>
  <datafield tag="100" ind1="1" ind2=" ">
    <subfield code="a">Cartari, Vincenzo,</subfield>
    <subfield code="d">b. ca. 1500.</subfield>
  </datafield>
  <datafield tag="245" ind1="1" ind2="3">
    <subfield code="a">Le imagini dei degli antichi,</subfield>
    <subfield code="c">del Signor Vincenzo Cartari Regiano, novamente ristampate &amp; ricorette ... con l'agiunta di molte principali imagini che nell'altre mancavano, e con la espositione in epilogo di ciasceduna &amp; suo significato ... per Cesare Malfatti Padoano, con un cathalogo del medesimo de 100. è piu famosi dei ... Opera utilissima à historici, poeti, pittori, scultori, &amp; professori di belle lettere.</subfield>
  </datafield>
  <datafield tag="260" ind1=" " ind2=" ">
    <subfield code="a">In Padoa,</subfield>
    <subfield code="b">appresso Pietro Paulo Tozzi libraro,</subfield>
    <subfield code="c">1608.</subfield>
  </datafield>
  <datafield tag="300" ind1=" " ind2=" ">
    <subfield code="a">[40], 512, [7] p.</subfield>
    <subfield code="b">illus.</subfield>
    <subfield code="c">20 cm.</subfield>
  </datafield>
  <datafield tag="500" ind1=" " ind2=" ">
    <subfield code="a">Engraved title page.</subfield>
  </datafield>
  <datafield tag="500" ind1=" " ind2=" ">
    <subfield code="a">138 nearly full-page engravings.</subfield>
  </datafield>
  <datafield tag="500" ind1=" " ind2=" ">
    <subfield code="a">Colophon: In Padova, nella stamparia de Lorenzo Pasquati. 1607. Ad instantia di Pietro Paolo Tozzi, libraro in Padova, all'insegna del Giesù.</subfield>
  </datafield>
  <datafield tag="650" ind1=" " ind2="0">
    <subfield code="a">Mythology, Classical</subfield>
    <subfield code="v">Early works to 1800.</subfield>
  </datafield>
  <datafield tag="700" ind1="1" ind2=" ">
    <subfield code="a">Malfatti, Cesare,</subfield>
    <subfield code="d">b. ca. 1550.</subfield>
  </datafield>
  <datafield tag="856" ind1="4" ind2="1">
    <subfield code="3">Full text - OCA</subfield>
    <subfield code="u">https://archive.org/details/leimaginideidegl01cart</subfield>
  </datafield>
</record>